<record><leader>00000cas a2200000 a 4500</leader><controlfield tag="001">16856017</controlfield><controlfield tag="008">871015d19821989ncusr ne      0   a0eng d</controlfield><datafield ind1=" " ind2=" " tag="010"><subfield code="a">sn 93065765 </subfield></datafield><datafield ind1=" " ind2=" " tag="040"><subfield code="a">WIH</subfield><subfield code="b">eng</subfield><subfield code="c">WIH</subfield><subfield code="d">NVJ</subfield><subfield code="d">NOC</subfield><subfield code="d">OCL</subfield><subfield code="d">OCLCQ</subfield><subfield code="d">OCLCF</subfield><subfield code="d">OCLCO</subfield></datafield><datafield ind1="1" ind2=" " tag="029"><subfield code="a">AU@</subfield><subfield code="b">000020725788</subfield></datafield><datafield ind1=" " ind2=" " tag="042"><subfield code="a">msc</subfield></datafield><datafield ind1=" " ind2=" " tag="043"><subfield code="a">n-us-nc</subfield></datafield><datafield ind1="0" ind2="4" tag="245"><subfield code="a">The NC landmark limited.</subfield></datafield><datafield ind1="3" ind2="0" tag="246"><subfield code="a">North Carolina landmark limited</subfield></datafield><datafield ind1="1" ind2="7" tag="246"><subfield code="a">Landmark</subfield></datafield><datafield ind1=" " ind2=" " tag="260"><subfield code="a">Chapel Hill, N.C. :</subfield><subfield code="b">B. Windsor,</subfield><subfield code="c">1982-1989.</subfield></datafield><datafield ind1=" " ind2=" " tag="300"><subfield code="a">5 v. :</subfield><subfield code="b">ill. ;</subfield><subfield code="c">28-40 cm.</subfield></datafield><datafield ind1=" " ind2=" " tag="310"><subfield code="a">Semimonthly,</subfield><subfield code="b">Apr. 14, 1983-Mar. 1989</subfield></datafield><datafield ind1=" " ind2=" " tag="321"><subfield code="a">Frequency varies,</subfield><subfield code="b">1982-1983</subfield></datafield><datafield ind1="0" ind2=" " tag="362"><subfield code="a">Vol. 1, no. 1 (June 10, 1982)-v. A., no. 2 (Mar. 1989).</subfield></datafield><datafield ind1=" " ind2=" " tag="515"><subfield code="a">Publication suspended, 1986-1988?</subfield></datafield><datafield ind1=" " ind2=" " tag="530"><subfield code="a">Available on microfilm from the State Historical Society of Wisconsin.</subfield></datafield><datafield ind1=" " ind2="0" tag="650"><subfield code="a">Underground press publications</subfield><subfield code="z">North Carolina</subfield><subfield code="z">Chapel Hill.</subfield></datafield><datafield ind1=" " ind2="7" tag="650"><subfield code="a">Underground press publications.</subfield><subfield code="2">fast</subfield><subfield code="0">(OCoLC)fst01160984</subfield></datafield><datafield ind1=" " ind2="7" tag="651"><subfield code="a">North Carolina</subfield><subfield code="z">Chapel Hill.</subfield><subfield code="2">fast</subfield><subfield code="0">(OCoLC)fst01206600</subfield></datafield><datafield ind1=" " ind2=" " tag="752"><subfield code="a">United States</subfield><subfield code="b">North Carolina</subfield><subfield code="c">Orange</subfield><subfield code="d">Chapel Hill.</subfield></datafield></record>